@book{AIMA,
  title     = {Artificial Intelligence: A Modern Approach},
  subtitle  = {Third edition},
  author    = {Stuart Russel & Peter Norvig},
  year      = {2001},
  publisher = {Prentice Hall PTR}
}

 @misc{neelarghya_2021,
  title   = {Reinforcement Learning vs Genetic Algorithm â€” AI for Simulations},
  url     = {https://medium.com/xrpractices/reinforcement-learning-vs-genetic-algorithm-ai-for-simulations-f1f484969c56},
  journal = {medium},
  author  = {Neelarghya},
  year    = {2021}
} 

 @misc{patel_2021,
  title   = {Visualization of Autonomous Car: Evolutionary Machine Learning Model},
  url     = {https://medium.com/@rutvakpatel98/visualization-of-autonomous-car-evolutionary-machine-learning-model-acdebdeae0ab},
  journal = {medium},
  author  = {Patel, Rutva},
  year    = {2019}
} 

 @misc{mandav_2018,
  title   = {A.I Learns to Drive},
  url     = {https://medium.com/@jatinmandav3/a-i-learns-to-drive-205f38d96a9a},
  journal = {medium},
  author  = {Mandav, Jatin},
  year    = {2018}
} 

@misc{pcmag_unknown,
  title   = {Self-driving car},
  url     = {https://www.pcmag.com/encyclopedia/term/self-driving-car#:~:text=A%20computer%2Dcontrolled%20car%20that,have%20invested%20the%20most%20capital.},
  journal = {PCmag},
  author  = {PCmag},
  year    = {2021}
} 